<?xml version='1.0' encoding='utf-8'?>
<record xmlns="http://www.loc.gov/MARC21/slim" xmlns:xsi="http://www.w3.org/2001/XMLSchema-instance">
  <leader>00000njm^a22^^^^^^i^4500</leader>
  <controlfield tag="001">012473897</controlfield>
  <controlfield tag="005">20130913142044.0</controlfield>
  <controlfield tag="007">sd|uungnnmmneu</controlfield>
  <controlfield tag="008">130912s1983^^^^miusgn^^^^^^^^^^^^^^eng^d</controlfield>
  <datafield tag="035" ind1=" " ind2=" ">
    <subfield code="a">(OCoLC)859580909</subfield>
  </datafield>
  <datafield tag="040" ind1=" " ind2=" ">
    <subfield code="a">MiU-H</subfield>
    <subfield code="e">rda</subfield>
    <subfield code="c">MiU-H</subfield>
  </datafield>
  <datafield tag="245" ind1="0" ind2="0">
    <subfield code="a">Pink shoelaces.</subfield>
  </datafield>
  <datafield tag="264" ind1=" " ind2="1">
    <subfield code="a">[Michigan] :</subfield>
    <subfield code="b">Pioneer Music,</subfield>
    <subfield code="c">[1983]</subfield>
  </datafield>
  <datafield tag="264" ind1=" " ind2="4">
    <subfield code="b">DCF,</subfield>
    <subfield code="c">©1983</subfield>
  </datafield>
  <datafield tag="264" ind1=" " ind2="4">
    <subfield code="a">Birmingham, MI :</subfield>
    <subfield code="b">FAA Record Company,</subfield>
    <subfield code="c">℗1983</subfield>
  </datafield>
  <datafield tag="300" ind1=" " ind2=" ">
    <subfield code="a">1 audio disc (4 minutes, 40 seconds) :</subfield>
    <subfield code="b">analog, 45 rpm ;</subfield>
    <subfield code="c">7 in.</subfield>
  </datafield>
  <datafield tag="336" ind1=" " ind2=" ">
    <subfield code="a">performed music</subfield>
    <subfield code="2">rdacontent</subfield>
  </datafield>
  <datafield tag="337" ind1=" " ind2=" ">
    <subfield code="a">audio</subfield>
    <subfield code="2">rdamedia</subfield>
  </datafield>
  <datafield tag="338" ind1=" " ind2=" ">
    <subfield code="a">audio disc</subfield>
    <subfield code="2">rdacarrier</subfield>
  </datafield>
  <datafield tag="520" ind1="2" ind2=" ">
    <subfield code="a">"The song "Pink Shoelaces" was first released as a single in November, 1959. Written as a single by Micki Grant, it was originally sung by Dodie Stevens who made it an instant hit and the best-selling record of the year. As the teenage world bebopped to its unforgettable sound, "Pink Shoelaces" not only became the fashion fad of the day but ranked in sales to the tune of 2¹/₂ million copies."--Back of container.</subfield>
  </datafield>
  <datafield tag="508" ind1=" " ind2=" ">
    <subfield code="a">Hite Photo; Frey Alcorn Associatiates, Inc. (Birmingham, Mich.); Ambience Recordings (Farmington Hills, Mich.); Barnum Entertainment Enterprises; Michael Hoffhiens (Magic Music), producer.</subfield>
  </datafield>
  <datafield tag="511" ind1="0" ind2=" ">
    <subfield code="a">Laura Thompson, performer; Wayne Schomaker, performer; Bobby Gabriele, performer; Mark Heckert, performer; David Daniele, performer; Mark Bucchare, performer.</subfield>
  </datafield>
  <datafield tag="500" ind1=" " ind2=" ">
    <subfield code="a">Title, publication and copyright information from label. Notes from back of container.</subfield>
  </datafield>
  <datafield tag="500" ind1=" " ind2=" ">
    <subfield code="a">"PS 48011"; "306079X"--label.</subfield>
  </datafield>
  <datafield tag="505" ind1="1" ind2=" ">
    <subfield code="a">Side A. Laura Thompson -- Side B. Instrumental.</subfield>
  </datafield>
  <datafield tag="650" ind1=" " ind2="0">
    <subfield code="a">Popular music.</subfield>
  </datafield>
  <datafield tag="700" ind1="1" ind2=" ">
    <subfield code="a">Grant, Micki,</subfield>
    <subfield code="e">author.</subfield>
  </datafield>
  <datafield tag="700" ind1="1" ind2=" ">
    <subfield code="a">Bucchare, Mark,</subfield>
    <subfield code="e">performer.</subfield>
  </datafield>
  <datafield tag="700" ind1="1" ind2=" ">
    <subfield code="a">Daniele, David,</subfield>
    <subfield code="e">performer.</subfield>
  </datafield>
  <datafield tag="700" ind1="1" ind2=" ">
    <subfield code="a">Gabriele, Bobby,</subfield>
    <subfield code="e">performer.</subfield>
  </datafield>
  <datafield tag="700" ind1="1" ind2=" ">
    <subfield code="a">Heckert, Mark,</subfield>
    <subfield code="e">performer.</subfield>
  </datafield>
  <datafield tag="700" ind1="1" ind2=" ">
    <subfield code="a">Schomaker, Wayne,</subfield>
    <subfield code="e">performer.</subfield>
  </datafield>
  <datafield tag="700" ind1="1" ind2=" ">
    <subfield code="a">Thompson, Laura,</subfield>
    <subfield code="e">performer.</subfield>
  </datafield>
  <datafield tag="852" ind1="8" ind2=" ">
    <subfield code="a">MiU-H</subfield>
    <subfield code="b">BENT</subfield>
    <subfield code="h">2013105 Aa 2</subfield>
  </datafield>
  <datafield tag="997" ind1=" " ind2=" ">
    <subfield code="a">MARS</subfield>
  </datafield>
  <datafield tag="998" ind1=" " ind2=" ">
    <subfield code="c">OV</subfield>
  </datafield>
  <datafield tag="955" ind1=" " ind2=" ">
    <subfield code="b">BENT</subfield>
    <subfield code="p">B6142615</subfield>
  </datafield>
</record>
